<record><leader>00000cas a22000007a 4500</leader><controlfield tag="001">21316367</controlfield><controlfield tag="008">900403d19031907nyudn ne      0    0eng d</controlfield><controlfield tag="009">148</controlfield><datafield ind1=" " ind2=" " tag="010"><subfield code="a">sn 90066140 </subfield></datafield><datafield ind1=" " ind2=" " tag="040"><subfield code="a">NYG</subfield><subfield code="b">eng</subfield><subfield code="c">NYG</subfield><subfield code="d">DLC</subfield><subfield code="d">NYS</subfield><subfield code="d">OCLCQ</subfield></datafield><datafield ind1="1" ind2=" " tag="029"><subfield code="a">AU@</subfield><subfield code="b">000020597907</subfield></datafield><datafield ind1=" " ind2=" " tag="042"><subfield code="a">msc</subfield></datafield><datafield ind1="0" ind2="0" tag="050"><subfield code="a">Newspaper 8829-X</subfield></datafield><datafield ind1="0" ind2=" " tag="130"><subfield code="a">Glens Falls times (Glens Falls, N.Y. : 1903)</subfield></datafield><datafield ind1="0" ind2="0" tag="245"><subfield code="a">Glens Falls times.</subfield></datafield><datafield ind1=" " ind2=" " tag="260"><subfield code="a">Glens Falls, N.Y. :</subfield><subfield code="b">Glens Falls Pub. Co.,</subfield><subfield code="c">1903-1907.</subfield></datafield><datafield ind1=" " ind2=" " tag="300"><subfield code="a">v.</subfield></datafield><datafield ind1=" " ind2=" " tag="310"><subfield code="a">Daily (except Sunday)</subfield></datafield><datafield ind1="0" ind2=" " tag="362"><subfield code="a">Vol. 26, no. 128 (June 1, 1903)-v. [29], no. 16 (Jan. 19, 1907).</subfield></datafield><datafield ind1=" " ind2=" " tag="515"><subfield code="a">Vol. numbering irregular.</subfield></datafield><datafield ind1=" " ind2="4" tag="651"><subfield code="a">Glens Falls (N.Y.)</subfield><subfield code="v">Newspapers.</subfield></datafield><datafield ind1=" " ind2=" " tag="752"><subfield code="a">United States</subfield><subfield code="b">New York</subfield><subfield code="c">Warren</subfield><subfield code="d">Glens Falls.</subfield></datafield><datafield ind1="0" ind2="0" tag="780"><subfield code="t">Glens Falls daily times (Glens Falls, N.Y. : 1879)</subfield><subfield code="w">(DLC)sn 84031316</subfield><subfield code="w">(OCoLC)10840547</subfield></datafield><datafield ind1="0" ind2="0" tag="785"><subfield code="t">Glens Falls daily times (Glens Falls, N.Y. : 1907)</subfield><subfield code="w">(DLC)sn 90066141</subfield><subfield code="w">(OCoLC)21316373</subfield></datafield></record>